<?xml version="1.0" encoding="UTF-8"?><collection xmlns="http://www.loc.gov/MARC21/slim"><record><leader>00385nam--2200133-i-4500</leader><controlfield tag="001">000006441</controlfield><controlfield tag="002">20161230</controlfield><controlfield tag="005">20161230201026</controlfield><controlfield tag="008">060222s1000------------r-----000-0-eng-d</controlfield><datafield ind1=" " ind2=" " tag="100"><subfield code="a">Baumann, Wolfgang</subfield></datafield><datafield ind1=" " ind2=" " tag="245"><subfield code="a">Darstellung und reaktionen von v-triazolo (4,5-d) pyrimidinium-verbindungen</subfield></datafield><datafield ind1=" " ind2=" " tag="260"><subfield code="a">Stuttgart, Technische Hochschule, 1963 107 P</subfield></datafield><datafield ind1=" " ind2=" " tag="490"><subfield code="a">Disertatie</subfield></datafield><datafield ind1=" " ind2=" " tag="852"><subfield code="a">19006</subfield></datafield></record></collection>